<?xml version="1.0" encoding="UTF-8"?><collection xmlns="http://www.loc.gov/MARC21/slim"><record><leader>00538nam--2200181-u-4500</leader><controlfield tag="001">000054423</controlfield><controlfield tag="002">20161230</controlfield><controlfield tag="005">20161230201051</controlfield><controlfield tag="008">111208s1000------------r-----000-0-fre-d</controlfield><datafield ind1=" " ind2=" " tag="040"><subfield code="a">IFIN-HH</subfield></datafield><datafield ind1=" " ind2=" " tag="041"><subfield code="a">fre</subfield></datafield><datafield ind1=" " ind2=" " tag="080"><subfield code="a">539.12.16:539.171.11(043)</subfield></datafield><datafield ind1="1" ind2=" " tag="100"><subfield code="a">Benkoula, Harrag</subfield></datafield><datafield ind1="1" ind2="0" tag="245"><subfield code="a">Mise en evidence d'une violation de parite dans les noyaux 118sn et 36 ci</subfield><subfield code="b">These</subfield><subfield code="c">Harrag benkoula</subfield></datafield><datafield ind1=" " ind2=" " tag="260"><subfield code="a">Grenoble</subfield><subfield code="b">Universite Sceintifique Et Medicale</subfield><subfield code="c">1978</subfield></datafield><datafield ind1=" " ind2=" " tag="300"><subfield code="a">72P</subfield></datafield><datafield ind1=" " ind2=" " tag="852"><subfield code="a">49756</subfield><subfield code="c">539.12</subfield></datafield><datafield ind1=" " ind2=" " tag="CAT"><subfield code="a">Sys</subfield><subfield code="c">20111208</subfield><subfield code="h">132545</subfield></datafield></record></collection>